<?xml version="1.0" encoding="UTF-8"?><record xmlns="http://www.loc.gov/MARC21/slim" xmlns:cinclude="http://apache.org/cocoon/include/1.0" xmlns:zs="http://www.loc.gov/zing/srw/">
  <leader>00477cz  a2200145n  4500</leader>
  <controlfield tag="001">n  86849934 </controlfield>
  <controlfield tag="003">DLC</controlfield>
  <controlfield tag="005">20161023123627.0</controlfield>
  <controlfield tag="008">860904n| azannaabn          |n aaa      </controlfield>
  <datafield tag="010" ind1=" " ind2=" ">
    <subfield code="a">n  86849934 </subfield>
  </datafield>
  <datafield tag="035" ind1=" " ind2=" ">
    <subfield code="a">(OCoLC)oca01664351</subfield>
  </datafield>
  <datafield tag="040" ind1=" " ind2=" ">
    <subfield code="a">DLC</subfield>
    <subfield code="b">eng</subfield>
    <subfield code="e">rda</subfield>
    <subfield code="c">DLC</subfield>
    <subfield code="d">HU</subfield>
  </datafield>
  <datafield tag="046" ind1=" " ind2=" ">
    <subfield code="f">1930</subfield>
    <subfield code="2">edtf</subfield>
  </datafield>
  <datafield tag="100" ind1="1" ind2=" ">
    <subfield code="a">Saludes, Pacita Cabulera,</subfield>
    <subfield code="d">1930-</subfield>
  </datafield>
  <datafield tag="670" ind1=" " ind2=" ">
    <subfield code="a">nuc86-80653: Author's Agtangkayagen ..., 1976</subfield>
    <subfield code="b">(hdg. on NIC rept.: Saludes, Pacita Cabulera, 1930- ; usage: Pacita Cabulera Saludes)</subfield>
  </datafield>
</record>